@misc{john_cremona_2021_45657,
  author       = {John Cremona},
  title        = {ecdata: 2020-11-27},
  month        = nov,
  year         = 2020,
  doi          = {10.5281/zenodo.161341},
  url          = {http://dx.doi.org/10.5281/zenodo.161341}
}
