@misc{john_cremona_eclib,
  author       = {John Cremona et al.},
  title        = {JohnCremona/eclib: v20231212},
  month        = dec,
  year         = 2023,
  doi          = {10.5281/zenodo.593625},
  url          = {https://doi.org/10.5281/zenodo.593625}
}
